<record><leader>00000cas a2200000 a 4500</leader><controlfield tag="001">10923481</controlfield><controlfield tag="008">840706d19782000nyuwr ne      0   a0eng c</controlfield><datafield ind1=" " ind2=" " tag="010"><subfield code="a">sn 84031461 </subfield></datafield><datafield ind1=" " ind2=" " tag="040"><subfield code="a">NYG</subfield><subfield code="b">eng</subfield><subfield code="c">NYG</subfield><subfield code="d">OCL</subfield><subfield code="d">NYS</subfield><subfield code="d">NYG</subfield><subfield code="d">OCLCQ</subfield><subfield code="d">OCLCF</subfield><subfield code="d">OCLCO</subfield></datafield><datafield ind1="1" ind2=" " tag="029"><subfield code="a">AU@</subfield><subfield code="b">000020338816</subfield></datafield><datafield ind1=" " ind2=" " tag="042"><subfield code="a">pcc</subfield></datafield><datafield ind1=" " ind2=" " tag="043"><subfield code="a">n-us-ny</subfield></datafield><datafield ind1="0" ind2=" " tag="130"><subfield code="a">Journal-press (Greenwich, N.Y.)</subfield></datafield><datafield ind1="1" ind2="4" tag="245"><subfield code="a">The Journal-press.</subfield></datafield><datafield ind1=" " ind2=" " tag="260"><subfield code="a">Greenwich, N.Y. :</subfield><subfield code="b">[Tefft Publishers],</subfield><subfield code="c">1978-2000.</subfield></datafield><datafield ind1=" " ind2=" " tag="300"><subfield code="a">v. :</subfield><subfield code="b">ill. ;</subfield><subfield code="c">58 cm.</subfield></datafield><datafield ind1=" " ind2=" " tag="310"><subfield code="a">Weekly</subfield></datafield><datafield ind1="0" ind2=" " tag="362"><subfield code="a">Vol. 136, no. 30 (Apr. 20, 1978)-v. 159, no. 1 (Oct. 12, 2000).</subfield></datafield><datafield ind1=" " ind2=" " tag="500"><subfield code="a">Published on Thursdays.</subfield></datafield><datafield ind1=" " ind2=" " tag="500"><subfield code="a">Editor: R[ichard]. S. Tefft.</subfield></datafield><datafield ind1=" " ind2=" " tag="500"><subfield code="a">Sesquicentennial issue: Oct. 8, 1992.</subfield></datafield><datafield ind1=" " ind2="0" tag="651"><subfield code="a">Greenwich (N.Y.)</subfield><subfield code="v">Newspapers.</subfield></datafield><datafield ind1=" " ind2="0" tag="651"><subfield code="a">Washington County (N.Y.)</subfield><subfield code="v">Newspapers.</subfield></datafield><datafield ind1=" " ind2="7" tag="655"><subfield code="a">Newspapers.</subfield><subfield code="2">fast</subfield><subfield code="0">(OCoLC)fst01423814</subfield></datafield><datafield ind1=" " ind2="7" tag="651"><subfield code="a">New York (State)</subfield><subfield code="z">Greenwich.</subfield><subfield code="2">fast</subfield><subfield code="0">(OCoLC)fst01227843</subfield></datafield><datafield ind1=" " ind2="7" tag="651"><subfield code="a">New York (State)</subfield><subfield code="z">Washington County.</subfield><subfield code="2">fast</subfield><subfield code="0">(OCoLC)fst01220667</subfield></datafield><datafield ind1=" " ind2=" " tag="752"><subfield code="a">United States</subfield><subfield code="b">New York</subfield><subfield code="c">Washington</subfield><subfield code="d">Greenwich.</subfield></datafield><datafield ind1="0" ind2="0" tag="780"><subfield code="t">Greenwich journal and Salem press</subfield><subfield code="w">(DLC)sn 84031460</subfield><subfield code="w">(OCoLC)10923475</subfield></datafield><datafield ind1="0" ind2="0" tag="785"><subfield code="t">Greenwich journal and Salem press (Greenwich, N.Y. : 2000)</subfield><subfield code="w">(DLC)  2003245007</subfield><subfield code="w">(OCoLC)53206955</subfield></datafield></record>